
@book{chalmers2013,
	title = {What Is This Thing Called Science?},
	author = {Chalmers, Alan F.},
	year = {2013},
	date = {2013},
	publisher = {Hackett Publishing Company, Incorporated},
	url = {http://ebookcentral.proquest.com/lib/utah/detail.action?docID=1416097},
	address = {Indianapolis, IN}
}
