
@misc{clearBeginnerGuideDeliberate2017,
  title = {The {{Beginner}}'s {{Guide}} to {{Deliberate Practice}}},
  author = {Clear, James},
  year = {2017},
  month = jan,
  abstract = {You can improve your performance in nearly any area of life, but you must train in the correct way.},
  journal = {James Clear},
  language = {en-US}
}

@book{ismayStatisticalInferenceData2021,
  title = {Statistical {{Inference}} via {{Data Science}}},
  author = {Ismay, Chester and Kim, Albert Y.},
  year = {2021},
  month = feb,
  abstract = {An open-source and fully-reproducible electronic textbook for teaching statistical inference using tidyverse data science tools.},
  file = {C\:\\Users\\sarak\\Zotero\\storage\\VMJBKBDW\\index.html}
}

@book{wickhamGgplot2ElegantGraphics2020,
  title = {Ggplot2: {{Elegant Graphics}} for {{Data Analysis}}},
  author = {Wickham, Hadley and Navarro, Danielle and Pederson, Thomas Lin},
  year = {2020},
  edition = {3rd},
  publisher = {{Springer-Verlag}},
  address = {{New York, NY}},
  keywords = {data analysis,figures,graphics,methods,R},
  series = {Use {{R}}!}
}


